@article{Reference1,
	Abstract = {We have developed an enhanced Littrow configuration extended cavity diode laser (ECDL) that can be tuned without changing the direction of the output beam. The output of a conventional Littrow ECDL is reflected from a plane mirror fixed parallel to the tuning diffraction grating. Using a free-space Michelson wavemeter to measure the laser wavelength, we can tune the laser over a range greater than 10 nm without any alteration of alignment.},
	Author = {C. J. Hawthorn and K. P. Weber and R. E. Scholten},
	Journal = {Review of Scientific Instruments},
	Month = {December},
	Number = {12},
	Numpages = {3},
	Pages = {4477--4479},
	Title = {Littrow Configuration Tunable External Cavity Diode Laser with Fixed Direction Output Beam},
	Volume = {72},
	Url = {http://link.aip.org/link/?RSI/72/4477/1},
	Year = {2001}}

@article{Reference3,
	Abstract = {Operating a laser diode in an extended cavity which provides frequency-selective feedback is a very effective method of reducing the laser's linewidth and improving its tunability. We have developed an extremely simple laser of this type, built from inexpensive commercial components with only a few minor modifications. A 780~nm laser built to this design has an output power of 80~mW, a linewidth of 350~kHz, and it has been continuously locked to a Doppler-free rubidium transition for several days.},
	Author = {A. S. Arnold and J. S. Wilson and M. G. Boshier},
	Journal = {Review of Scientific Instruments},
	Month = {March},
	Number = {3},
	Numpages = {4},
	Pages = {1236--1239},
	Title = {A Simple Extended-Cavity Diode Laser},
	Volume = {69},
	Url = {http://link.aip.org/link/?RSI/69/1236/1},
	Year = {1998}}

@article{Reference2,
	Abstract = {We present a review of the use of diode lasers in atomic physics with an extensive list of references. We discuss the relevant characteristics of diode lasers and explain how to purchase and use them. We also review the various techniques that have been used to control and narrow the spectral outputs of diode lasers. Finally we present a number of examples illustrating the use of diode lasers in atomic physics experiments. Review of Scientific Instruments is copyrighted by The American Institute of Physics.},
	Author = {Carl E. Wieman and Leo Hollberg},
	Journal = {Review of Scientific Instruments},
	Keywords = {Diode Laser},
	Month = {January},
	Number = {1},
	Numpages = {20},
	Pages = {1--20},
	Title = {Using Diode Lasers for Atomic Physics},
	Volume = {62},
	Url = {http://link.aip.org/link/?RSI/62/1/1},
	Year = {1991}}

@article{jdn,
	Author = {Journal du net},
	Title = {Marché des logiciels pro en 2013: dépenses et chiffre d'affaires},
	Url = {http://www.journaldunet.com/solutions/saas-logiciel/marche-du-logiciel.shtml},
	Year = {2013}}

@article{01net,
	Author = {Alain Clapaud},
	Title = {Logiciels de développement: une industrie de 9 milliards de dollars},
	Url = {http://pro.01net.com/editorial/571595/logiciels-de-developpement-une-industrie-de-9-milliards-de-dollars/},
	Year = {2012}}

@article{gdpra,
Author = {Roger AIM},
Title = {La gestion de projet},
Publisher = {GUALINO EDITIONS},
Year = {2014},
Pages = {7-9}
}
@article{pcp,
	Author = {CHOB},
	Title = {Gestion de projet: pourquoi ça plante ?},
	Url = {http://www.choblab.com/gestion-projets/gestion-de-projet-pourquoi-ca-plante- 6244.html},
	Year = {2012}}
@article{tse,
Author = {The software experts},
Title = {What is Software Process Model ?},
Url = {http://www.the-software-experts.com/e\_dta-sw-process-model.php}
}
@InBook{alm1,
Author = {Marcos Aurélio Almeida da Silva},
Title = {Detection and Handling of Deviations in Process-Centered Software Engineering Environments},
Year = {2012},
Pages = {3}
}
@InBook{kabaaj20,
author = {MOHAMMED ISSAM KABBAJ},
title = {Gestion des déviations dans la mise en oeuvre des procédés logiciel},
Url = {ftp://www.irit.fr/IRIT/MACAO/These\_Kabbaj\_finale\_25-10-2009.pdf},
Month = {Octobre},
year = {2009},
pages = {20-21}
}
@article{wikar,
Author = {Wikipedia},
Title = {Architecture logicielle},
Url = {http://fr.wikipedia.org/wiki/Architecture\_logicielle}
}
@Book{sacl,
author = {S Bandinelli, A Fuggetta, C Ghezzi and L Lavazza},
title = {SPADE : An Environment for Software Process Analysis, Design and Enactment},
year = {1994}
}
@Book{alm,
author = {Marcos Aurélio Almeida da Silva},
Keywords = {Process Enactment, Deviation Detection, Deviation Handling},
Month = {April},
title = {Detection and Handling of Deviations in Process-Centered Software Engineering Environments},
year = {2012}
}
@Book{kabaaj,
author = {MOHAMMED ISSAM KABBAJ},
title = {Gestion des déviations dans la mise en oeuvre des procédés logiciel},
Url = {ftp://www.irit.fr/IRIT/MACAO/These\_Kabbaj\_finale\_25-10-2009.pdf},
Month = {Octobre},
year = {2009}
}

@Book{gc,
author = {Gianpaolo Cugola},
title = {Tolerating deviations in process support systems via flexible enactment of process models},
year = {1998}
}
@InBook{wsh73,
author = {Watts S. Humphrey},
title = {Characterizing the software process: a maturity framework},
year = {1988},
pages = {73-79}
}
@InBook{abgm,
author = {P Armenise, S Bandinelli, C Ghezzi and A Morzenti},
title = {A Survey and assesment the process representing formalisms},
year = {1993}
}
@InBook{jl,
author = {Jacques Lonchamp},
title = {A structured conceptual and terminological framework for software process engineering},
year = {1993},
pages = {41-53}
}
@Book{ac,
author = {Silvia T. Acuña and Xavier Ferre},
title = {Software Process Modelling},
year = {2001}
}
@Book{fin,
author = {A Finkelsteiin, J Kramer and B Nuseibeh},
title = {Software Process Modelling and Technology},
year = {1994}
}
@InBook{hnt10,
author = {Hanh Nhi Tran},
title = {Modélisation de procédés logiciels a base de patrons reutilisable},
year = {2010},
pages = {10-11}
}
@InBook{ml11,
author = {Lizbeth Gallardo},
title = {Une approche à base de composants pour la modélisation des procédés logiciels},
year = {2000},
pages = {10-11}
}
@Book{rc,
author = {Reidar Conradi and Chnnian Liu},
title = {Revised PMLs and PSEE for Industrial SPI},
year = {1997}
}
@Book{sl,
author = {SM Sutton and LJ Osterweil},
title = {The Design of a Next-Generation Process Language},
year = {1997}
}
@InBook{vra,
author = {V Ambriola, R Conradi and A Fuggetta},
title = {Assessing process-centered software engineering environments},
year = {1997},
pages {283-328}
}
@Book{jab,
author = {JC Derniame, A. B. Kaba and Wastell},
title = {Software Process: Principles, Methodology, Technology},
year = {1999}
}
@Book{lo,
author = {Leon Osterweil},
title = {Software Processes are Software Too},
year = {1987}
}
@Book{lgw,
author = {LIoyd G. Williams},
title = {Software process modeling: a behavioral approach},
year = {1988}
}
@article{omg1,
Author = {OMG},
Title = {Software process engeneering metamodel specification SPEM 1.1},
Url = {http://doc.omg.org/formal/05-01-06.pdf},
Year = {2005}
}
@article{omg2,
Author = {OMG},
Title = {Software process engeneering metamodel specification SPEM 2.0},
Url = {http://doc.omg.org/formal/08-04-02.pdf},
Year = {2005}
}
@article{capri,
	Author = {J. Letizia, L. Jens-Otto and C. Reidar},
	Keywords = {EPOS},
	Month = {December},
	Pages = {1-4},
	Title = {Software Process Modeling and Evolution in EPOS},
	Url = {http://www.idi.ntnu.no/grupper/su/publ/pdf/capri-final.pdf},
	Year = {1999}
}

@article{tpme,
	Author = {J. Letizia and C. Reidar},
	Keywords = {EPOS},
	Month = {May},
	Pages = {5-8},
	Title = {Technique for Process Model Evolution in EPOS},
	Url = {https://static.aminer.org/pdf/PDF/001/128/476/techniques_for_process_model_evolution_in_epos.pdf},
	Year = {1993}
}

@article{alm2224,
	Author = {Marcos Aurelio Almeida da Silva},
	Keywords = {Process Enactment, Deviation Detection, Deviation Handling},
	Month = {April},
	Pages = {22-24},
	Title = {Detection and Handling of Deviations in Process-Centered Software Engineering Environments},
	Year = {2012}
}

@InBook{link2,
	Author = {JC Derniame, A. B. Kaba and D. Wastell},
	Publisher = {Springer},
	Pages = {42},
	Title = {Software Process: Principles, Methodology, Technology},
	Url = {https://books.google.fr/books?id=YH5oXL8CK28C&pg=PA285&lpg=PA285&dq=SPADE:+An+Environment+for+Software+Process+Analysis,+Design+and+Enactment&source=bl&ots=X4XXxVPYfy&sig=uEi2LoURPzzLeFtnrLc-1xruVb0&hl=fr&sa=X&ei=Q_acVZuwB-GeygPizJPoCg&ved=0CGMQ6AEwCA#v=onepage&q=SPADE&f=false},
	Year = {1999}
}

@InBook{link1,
	Author = {Brian C. Warboys},
	Publisher = {Springer},
	Pages = {15-29},
	Title = {Software Process Technology},
	Url = {https://books.google.fr/books?id=XNFG2Y7TVQgC&pg=PA16&lpg=PA16&dq=SPADE:+An+Environment+for+Software+Process+Analysis,+Design+and+Enactment&source=bl&ots=Opl2GXZwSe&sig=b3dfPvn7BDkQc_LaaJi2XZfFZuU&hl=fr&sa=X&ei=Q_acVZuwB-GeygPizJPoCg&ved=0CF4Q6AEwBw#v=onepage&q=RHODES&f=false},
	Year = {1994}
}

@InBook{si,
	Author = {F. Joaquim, S. Bernadette and M. Paula},
	Publisher = {Kluwer Academic Publishers},
	Pages = {181},
	Title = {Enterprise Information Systems III},
	Url = {https://books.google.fr/books?id=AvtEClDmY3cC&pg=PA181&lpg=PA181&dq=coulette+et+al+rhodes&source=bl&ots=wuPasAF7tx&sig=OoHYaL3SaLaHXndmQh9kOUd3AX8&hl=fr&sa=X&ei=XUaWVfaSKYfkyAPt9YMg&ved=0CCsQ6AEwAQ#v=onepage&q=coulette%20et%20al%20rhodes&f=false},
	Year = {2002}
}

@Book{almRhodes,
author = {Marcos Aurélio Almeida da Silva},
Keywords = {Process Enactment, Deviation Detection, Deviation Handling},
pages = {23-24},
Month = {April},
title = {Detection and Handling of Deviations in Process-Centered Software Engineering Environments},
year = {2012}
}

@InBook{spadeArch,
author = {MOHAMMED ISSAM KABBAJ},
title = {Gestion des déviations dans la mise en oeuvre des procédés logiciel},
year = {2009},
Url = {ftp://www.irit.fr/IRIT/MACAO/These\_Kabbaj\_finale\_25-10-2009.pdf},
Month = {Octobre},
pages = {57-58}
}

@article{wikQual,
Author = {Wikipedia},
Publisher = {Wikipedia},
Title = {Assurance qualité logicielle},
Url = {https://fr.wikipedia.org/wiki/Assurance\_qualit%C3%A9\_logicielle},
Month = {Avril},
year = {2015}
}

