@article{Choisir,
	Author = {Gregory BECUE},
	Title = {200 questions pour choisir un CMS},
	Publisher = {SMILE}

@article{ged,
	Author = {Thomas CHOPPY, Hélène ZYSMAN, loana LETI},
	Title = {GED : les meilleurs solutions open source},
	Publisher = {Slideshare},
	Url = {http://fr.slideshare.net/Documentation-Reed/livre-blanc-ged-les-meilleures-solutions-open-source},
	Year = {2013},
	pages = {7-9}
	}

@article{gdpra,
Author = {Roger AIM},
Title = {La gestion de projet},
Publisher = {GUALINO EDITIONS},
Year = {2014},
Pages = {7-9}
}
@article{choixPage,
	Author = {Gregory BECUE},
	Title = {200 questions pour choisir un CMS},
	Url = {http://www.smile.fr/Livres-blancs/Gestion-de-contenu-et-ged/Choisir-un-cms},
	publisher = {SMILE},
	Year = {2011},
	pages = {10-66}
	}
@article{comparaison,
Author = {Vincent MAUCORPS},
Title = {Gestion de contenus},
Url = {http://www.smile.fr/Livres-blancs/Gestion-de-contenu-et-ged/Les-cms-open-source},
publisher = {SMILE},
Year = {2013},
pages = {165}
}
@article{typo3,
Author = {Vincent MAUCORPS},
Title = {Gestion de contenus},
Url = {http://www.smile.fr/Livres-blancs/Gestion-de-contenu-et-ged/Les-cms-open-source},
publisher = {SMILE},
Year = {2013},
pages = {46}
}
@article{ldap,
Author = {Laurent Mirtain},
Title = {LDAP},
Url = {http://www-sop.inria.fr/members/Laurent.Mirtain/ldap-livre.html},
publisher = {INRIA},
Year = {1999}
}
@article{ldap,
Author = {Comment ça marche},
Title = {RSS - Syndication de contenu},
Url = {http://www.commentcamarche.net/contents/1324-rss-syndication-de-contenu},
publisher = {Comment ça marche},
Year = {2015}
}


